@article{qiang2009economic,
  title={Economic impacts of broadband},
  author={Qiang, C.Z.W. and Rossotto, C.M. and Kimura, K.},
  journal={Information and Communications for Development 2009: Extending Reach and Increasing Impact},
  pages={35--50},
  year={2009},
  publisher={World Bank}
}

@article{qiang2010broadband,
  title={Broadband infrastructure investment in stimulus packages: Relevance for developing countries},
  author={Qiang, C.Z.W.},
  journal={info},
  volume={12},
  number={2},
  pages={41--56},
  year={2010},
  publisher={Emerald Group Publishing Limited}
}

@article{brewer2005case,
  title={The case for technology in developing regions},
  author={Brewer, E. and Demmer, M. and Du, B. and Ho, M. and Kam, M. and Nedevschi, S. and Pal, J. and Patra, R. and Surana, S. and Fall, K.},
  journal={Computer Society},
  volume={38},
  number={6},
  pages={25--38},
  year={2005},
  publisher={IEEE}
}
