@article{qiang2009economic,
  title={Economic impacts of broadband},
  author={Qiang, C.Z.W. and Rossotto, C.M. and Kimura, K.},
  journal={Information and Communications for Development 2009: Extending Reach and Increasing Impact},
  pages={35--50},
  year={2009},
  publisher={World Bank}
}

@article{qiang2010broadband,
  title={Broadband infrastructure investment in stimulus packages: Relevance for developing countries},
  author={Qiang, C.Z.W.},
  journal={info},
  volume={12},
  number={2},
  pages={41--56},
  year={2010},
  publisher={Emerald Group Publishing Limited}
}

@article{brewer2005case,
  title={The case for technology in developing regions},
  author={Brewer, E. and Demmer, M. and Du, B. and Ho, M. and Kam, M. and Nedevschi, S. and Pal, J. and Patra, R. and Surana, S. and Fall, K.},
  journal={Computer Society},
  volume={38},
  number={6},
  pages={25--38},
  year={2005},
  publisher={IEEE}
}

@article{saksena2003igniting,
  title={Igniting the Next Broadband Revolution},
  author={Saksena, A. and Whisler, AE},
  journal={Accentura Outlook Journal, http://www. accentura. com/Global/Research\_and\_Insights/Outlook/By\_Alphabet/IgnitingRevolution. htm, Eri{\c{s}}im Tarihi},
  volume={1},
  pages={210},
  year={2003}
}

@article{johnson2005next,
  title={The next revolution in interactions},
  author={Johnson, B.C. and Manyika, J.M. and Yee, L.A.},
  journal={McKinsey Quarterly},
  volume={4},
  pages={20--33},
  year={2005}
}

@article{von2009democratizing,
  title={Democratizing innovation: the evolving phenomenon of user innovation},
  author={Von Hippel, E.},
  journal={International Journal of Innovation Science},
  volume={1},
  number={1},
  pages={29--40},
  year={2009},
  publisher={Multi-Science}
}

@article{varian2002net,
  title={The net impact study},
  author={Varian, H. and Litan, R.E. and Elder, A. and Shutter, J.},
  journal={January. Available at www. netimpactstudy. com},
  year={2002}
}

@article{bband_stakeholder,
  title={Impact of Broadband- Enabled ICT, Content, Applications and Services on the UK Economy and Society to 2010},
  author={Broadband Stakeholder Group},
  year={2004},
  journal={Briefing Paper},
}

@article{heng2006media,
  title={Media industry facing biggest upheaval since gutenberg: Media consumers morphing into media makers},
  author={Heng, S.},
  journal={Available at SSRN 937870},
  year={2006}
}

@misc{rural_stats,
  title={Internet Usage Statistics},
  url={http://www.internetworldstats.com/stats.htm}
}

@book{clarke2004has,
  title={Has the Internet Increased Trade?: Evidence from Industrial and Developing Countries},
  author={Clarke, G.R.G. and Wallsten, S.J.},
  volume={3215},
  year={2004},
  publisher={World Bank, Development Research Group, Investment Climate}
  pages={465-84},
}

@article{gillett2006measuring,
  title={Measuring the economic impact of broadband deployment},
  author={Gillett, S. and Lehr, W.H. and Osorio, C.A. and Sirbu, M.A.},
  journal={Report to US Department of Commerce, Economic Development Association},
  year={2006}
}

@misc{carlaw2007past,
  title={The Past, Present and Future of the GPT-Driven Modern ICT Revolution:‘Blue Report,’},
  author={Carlaw, K.I. and Lipsey, RG and Webb, R.},
  year={2007}
}

@article{van2008broadband,
  title={Broadband and the Economy},
  author={van Welsum, D. and Vickery, G.},
  journal={DSTI Information Economy Report DSTI/ICCP/IE (2007)},
  volume={3},
  year={2008}
}

@article{gazeta,
  year={2008},
  journal={Gazeta Mercantil},
  title={Telecommunications Operators Will Take Broadband to Schools},
}

@article{abramovsky2006outsourcing,
  title={Outsourcing and offshoring of business services: how important is ICT?},
  author={Abramovsky, L. and Griffith, R.},
  journal={Journal of the European Economic Association},
  volume={4},
  number={2-3},
  pages={594--601},
  year={2006},
  publisher={Wiley Online Library}
}

@article{attendusing,
  title={Using ICTs to achieve growth and development},
  author={ATTEND, W.H.O.S.},
  year={2006}
}

@book{de2004customs,
  title={Customs Modernization Initiatives: Case Studies},
  author={De Wulf, L.},
  year={2004},
  publisher={World Bank Publications}
}
